%% This BibTeX bibliography file was created using BibDesk.
%% http://bibdesk.sourceforge.net/


%% Created for mz at 2015-03-22 17:21:30 +0800 


%% Saved with string encoding Unicode (UTF-8) 



@book{bop,
	Author = {微软编程之美小组},
	Date-Added = {2015-03-22 09:20:22 +0000},
	Date-Modified = {2015-03-22 09:21:27 +0000},
	Publisher = {电子工业出版社},
	Title = {编程之美},
	Year = {2008}}

@book{refractor,
	Author = {M.{\textperiodcentered} 福勒 (美)},
	Date-Added = {2015-03-22 08:47:36 +0000},
	Date-Modified = {2015-03-22 08:47:36 +0000},
	Publisher = {人民邮电出版社},
	Title = {重构: 改善既有代码的设计},
	Year = {2008}}

@misc{krc,
	Author = {徐宝文 and 李志},
	Date-Added = {2015-03-22 08:47:36 +0000},
	Date-Modified = {2015-03-22 08:47:36 +0000},
	Publisher = {机械工业出版社},
	Title = {C 程序设计语言},
	Year = {2001}}

@misc{cppprimer,
	Author = {Lippman, Stanley B and 李师贤 and 蒋爱军 and 梅晓勇 and 林瑛},
	Date-Added = {2015-03-22 08:47:36 +0000},
	Date-Modified = {2015-03-22 08:47:36 +0000},
	Publisher = {北京: 人民邮件出版社},
	Title = {C++ Primer 中文版》},
	Year = {2002}}

@book{ccpppibible,
	Author = {梁镇宇},
	Date-Added = {2015-03-22 08:47:36 +0000},
	Date-Modified = {2015-03-22 08:47:36 +0000},
	Publisher = {清华大学出版社},
	Title = {C/C++ 程序员面试宝典},
	Year = {2010}}

@book{bryant2003computer,
	Author = {Bryant, Randal and David Richard, O'Hallaron and David Richard, O'Hallaron},
	Date-Added = {2015-03-22 08:47:36 +0000},
	Date-Modified = {2015-03-22 08:47:36 +0000},
	Publisher = {Prentice Hall Upper Saddle River},
	Title = {Computer systems: a programmer's perspective},
	Volume = {2},
	Year = {2003}}

@book{tcpipill,
	Author = {Wright, Gary R and Stevens, W Richard},
	Date-Added = {2015-03-22 08:47:36 +0000},
	Date-Modified = {2015-03-22 08:47:36 +0000},
	Publisher = {Addison-Wesley Professional},
	Title = {TcP/IP Illustrated},
	Volume = {2},
	Year = {1995}}

@misc{apue2,
	Author = {尤晋元 and 威正伟},
	Date-Added = {2015-03-22 08:47:36 +0000},
	Date-Modified = {2015-03-22 08:47:36 +0000},
	Publisher = {北京: 人民邮电出版社},
	Title = {UNIX 环境高级编程},
	Year = {2006}}

@book{sword,
	Author = {何海涛},
	Date-Added = {2015-03-22 08:39:39 +0000},
	Date-Modified = {2015-03-22 08:40:11 +0000},
	Publisher = {电子工业出版社},
	Title = {剑指 offer: 名企面试官精讲典型编程题},
	Year = {2012}}

@electronic{ms100,
	Date-Added = {2015-03-22 08:31:50 +0000},
	Date-Modified = {2015-03-22 08:33:31 +0000},
	Series = {结构之法算法之道博客},
	Title = {微软面试100题}}

@book{acp,
	Author = {Knuth, Donald Ervin},
	Date-Modified = {2015-03-22 08:33:59 +0000},
	Publisher = {小柳吧},
	Title = {计算机程序设计艺术},
	Volume = {3},
	Year = {2002}}

@book{pp,
	Author = {Bentley, Jon Louis and 本特利 and 君英 and 朝江},
	Publisher = {中国电力出版社},
	Title = {编程珠玑},
	Year = {2004}}

@misc{ita,
	Author = {潘金贵 and 顾铁成 and 李成法 and 叶懋},
	Publisher = {北京: 机械工业出版社},
	Title = {算法导论},
	Year = {2006}}

@book{sedgewick,
	Author = {Sedgewick, Robert},
	Publisher = {Addison-Wesley Professional},
	Title = {Algorithms in Java, Parts 1-4},
	Year = {2002}}

@misc{wikipedia,
	Title = {Wikipedia},
	Url = {http://en.wikipedia.org/wiki/},
	Year = {2014},
	Bdsk-Url-1 = {http://en.wikipedia.org/wiki/}}

@misc{weijipedia,
	Title = {维基百科},
	Url = {http://zh.wikipedia.org/wiki/},
	Year = {2014},
	Bdsk-Url-1 = {http://zh.wikipedia.org/wiki/}}

@misc{self,
	Author = {李明哲},
	Date-Modified = {2015-03-22 08:30:38 +0000},
	Title = {本笔记}}

@book{pie,
	Author = {Mongan, John and Suojanen, Noah},
	Publisher = {John Wiley \& Sons},
	Title = {Programming interviews exposed},
	Year = {2006}}

@book{pibible,
	Author = {欧力奇 and 刘洋 and 段韬},
	Publisher = {北京: 电子工业出版社},
	Title = {程序员面试宝典},
	Year = {2008}}
